
%%%%%%%%%%%%%%%%%%%%%%%%%%%%%%%%%%%%%%%
%%
%% AAA
%%
%%%%%%%%%%%%%%%%%%%%%%%%%%%%%%%%%%%%%%%

@Misc{conversionRateWhat,
    author = {Aden Andrus},
    title = {What is Conversion Rate? How to Calculate and Improve Your Conversion Rate},
    year = {2018},
    note = {{Available:} \url{https://www.disruptiveadvertising.com/conversion-rate-optimization/conversion-rate/}. Checked 15.02.2020},
}


% Amazon alexa top visited web sites.
@Misc{alexa,
  author = 	 {Amazon Alexa},
  title = 	 {The top 500 sites on the web},
  note = 	 {{Available:} \url{http://www.ctan.org/pkg/listings}. {Checked} 20.01.2020},
}


%%%%%%%%%%%%%%%%%%%%%%%%%%%%%%%%%%%%%%%
%%
%% BBB
%%
%%%%%%%%%%%%%%%%%%%%%%%%%%%%%%%%%%%%%%%

@Article{googleInit,
    title = {The anatomy of a large-scale hypertextual Web search engine},
    author = {Sergey Brin and Lawrence Page},
    journal = {Computer Networks and ISDN Systems},
    volume = {30},
    number = {1},
    pages = {107 - 117},
    year = {1998},
    note = {Proceedings of the Seventh International World Wide Web Conference},
    issn = {0169-7552},
    doi = {https://doi.org/10.1016/S0169-7552(98)00110-X},
    url = {http://www.sciencedirect.com/science/article/pii/S016975529800110X},
    keywords = {World Wide Web, Search engines, Information retrieval, PageRank, Google}
}

@Article{l2rEntitiesWeb,
    title = {Learning to rank related entities in Web search},
    journal = {Neurocomputing},
    volume = {166},
    pages = {309 - 318},
    year = {2015},
    volume = {166},
    author = {Changsung Kang and Dawei Yin and Ruiqiang Zhang and Nicolas Torzec and Jianzhang He and Yi Chang},
}

%%%%%%%%%%%%%%%%%%%%%%%%%%%%%%%%%%%%%%%
%%
%% EEE
%%
%%%%%%%%%%%%%%%%%%%%%%%%%%%%%%%%%%%%%%%

% Introduction to elastic search.
@Manual{elasticIntro,
    author = {Elasticsearch},
    publisher = "{Elasticsearch B.V.}",
    title = {Elasticsearch introduction},
    note = {{Available:} \url{https://www.elastic.co/guide/en/elasticsearch/reference/6.8/elasticsearch-intro.html}. {Checked} 20.01.2020},
}

%%%%%%%%%%%%%%%%%%%%%%%%%%%%%%%%%%%%%%%
%%
%% GGG
%%
%%%%%%%%%%%%%%%%%%%%%%%%%%%%%%%%%%%%%%%

@inproceedings{ganSuel,
    author = {Gan, Qingqing and Suel, Torsten},
    title = {Improved Techniques for Result Caching in Web Search Engines},
    year = {2009},
    isbn = {9781605584874},
    publisher = {Association for Computing Machinery},
    address = {New York, NY, USA},
    url = {https://doi-org.libproxy.tuni.fi/10.1145/1526709.1526768},
    doi = {10.1145/1526709.1526768},
    booktitle = {Proceedings of the 18th International Conference on World Wide Web},
    pages = {431–440},
    numpages = {10},
    keywords = {search engines, weighted caching, result caching, index caching},
    location = {Madrid, Spain},
    series = {WWW ’09}
}
  

@Manual{optimizeAbout,
  author = 	 {Google},
  title = 	 {Optimize Resource Hub},
  organization = {Google Inc},
  note = 	 {{Available:} \url{https://support.google.com/optimize/topic/9340207}. Checked 20.01.2020},
}

@Manual{analyticsAbout,
  author = 	 {Google},
  title = 	 {Analytics Tools \& Solutions for Your Business},
  organization = {Google Inc},
  note = 	 {{Available:} \url{https://marketingplatform.google.com/about/analytics/}. Checked 20.01.2020},
}

@article{conversionRate,
    author={Gudigantala,Naveen and Bicen,Pelin and Eom,Mike},
    year={2016},
    title={An examination of antecedents of conversion rates of e-commerce retailers: MRN MRN},
    journal={Management Research Review},
    volume={39},
    number={1},
    pages={82-114},
    publisher={Emerald Group Publishing Limited}
}

%%%%%%%%%%%%%%%%%%%%%%%%%%%%%%%%%%%%%%%
%%
%% HHH
%%
%%%%%%%%%%%%%%%%%%%%%%%%%%%%%%%%%%%%%%%

@InProceedings{titleTermSuggestion,
    author = {Huang, Shen and Wu, Xiaoyuan and Bolivar, Alvaro},
    title = {The Effect of Title Term Suggestion on E-Commerce Sites},
    year = {2008},
    publisher = {Association for Computing Machinery},
    address = {New York, NY, USA},
    booktitle = {Proceedings of the 10th ACM Workshop on Web Information and Data Management},
    pages = {31–38},
    numpages = {8},
    location = {Napa Valley, California, USA},
    series = {WIDM ’08}
}


%%%%%%%%%%%%%%%%%%%%%%%%%%%%%%%%%%%%%%%
%%
%% KKK
%%
%%%%%%%%%%%%%%%%%%%%%%%%%%%%%%%%%%%%%%%

@InProceedings{learningRankEC,
    author = {Karmaker Santu, Shubhra Kanti and Sondhi, Parikshit and Zhai, ChengXiang},
    title = {On Application of Learning to Rank for E-Commerce Search},
    year = {2017},
    publisher = {Association for Computing Machinery},
    address = {New York, NY, USA},
    booktitle = {Proceedings of the 40th International ACM SIGIR Conference on Research and Development in Information Retrieval},
    pages = {475–484},
    numpages = {10},
    location = {Shinjuku, Tokyo, Japan},
    series = {SIGIR ’17}
}

@InProceedings{enhancingSearchBestSelling,
    author = {Long, Bo and Bian, Jiang and Dong, Anlei and Chang, Yi},
    title = {Enhancing Product Search by Best-Selling Prediction in e-Commerce},
    year = {2012},
    publisher = {Association for Computing Machinery},
    address = {New York, NY, USA},
    booktitle = {Proceedings of the 21st ACM International Conference on Information and Knowledge Management},
    pages = {2479–2482},
    numpages = {4},
    location = {Maui, Hawaii, USA},
    series = {CIKM ’12}
}


%%%%%%%%%%%%%%%%%%%%%%%%%%%%%%%%%%%%%%%
%%
%% MMM
%%
%%%%%%%%%%%%%%%%%%%%%%%%%%%%%%%%%%%%%%%

@Misc{ctrWhat,
    author = {Melissa Mackey},
    title = {What Is Click-Through Rate \& Why CTR Is Important},
    year = {2019},
    note = {{Available:} \url{https://www.searchenginejournal.com/ppc-guide/click-through-rate-ctr/}. Checked 22.02.2020},
}

@article{zeroResults,
    author={Notess, Greg R.},
    year={2016},
    title={Tips for Avoiding, or Celebrating, Zero Search Results},
    journal={Online Searcher},
    volume={40},
    number={5},
    pages={54-56},
}

%%%%%%%%%%%%%%%%%%%%%%%%%%%%%%%%%%%%%%%
%%
%% PPP
%%
%%%%%%%%%%%%%%%%%%%%%%%%%%%%%%%%%%%%%%%


@Misc{powerAnalytics,
  author = 	 "{Power International AS}",
  title = {Internal Analytics of Power},
  note = 	 {Internal document (Not public). {Checked} 20.01.2020},
}

@Misc{searchSurvey,
  author = 	 "{Power International AS}",
  title = {Survey on the current status of the search application},
  note = 	 {Internal document (Not public). {Checked} 28.03.2020},
}

@InProceedings{amazonJoyRanking,
    author = {Sorokina, Daria and Cantu-Paz, Erick},
    title = {Amazon Search: The Joy of Ranking Products},
    year = {2016},
    publisher = {Association for Computing Machinery},
    address = {New York, NY, USA},
    booktitle = {Proceedings of the 39th International ACM SIGIR Conference on Research and Development in Information Retrieval},
    pages = {459–460},
    location = {Pisa, Italy},
    series = {SIGIR ’16}
}
%%%%%%%%%%%%%%%%%%%%%%%%%%%%%%%%%%%%%%%
%%
%% TTT
%%
%%%%%%%%%%%%%%%%%%%%%%%%%%%%%%%%%%%%%%%

@Article{predictionRelevanceSearchResults,
    Author = {Al-Taie, Mohammed Zuhair and Shamsuddin, Siti Mariyam and Lucas, Joel Pinho},
    Journal = {International Journal of Advances in Soft Computing \& Its Applications},
    Number = {3},
    Pages = {85 - 93},
    Title = {Predicting the Relevance of Search Results for E-Commerce Systems},
    Volume = {7},
    Year = {2015},
}

@Book{relevantSearch,
    author = 	 {Doug Turnbull and John Berryman},
    title = 	 {Relevant Search: With applications for Solr and Elasticsearch},
    publisher = 	 {Manning Publications},
    year = 	 {2016},
    location = {USA},
}




%%%%%%%%%%%%%%%%%%%%%%%%%%%%%%%%%%%%%%%
%%
%% WWW
%%
%%%%%%%%%%%%%%%%%%%%%%%%%%%%%%%%%%%%%%%

@InProceedings{turningClickPurhases,
    author = {Wu, Liang and Hu, Diane and Hong, Liangjie and Liu, Huan},
    title = {Turning Clicks into Purchases: Revenue Optimization for Product Search in E-Commerce},
    year = {2018},
    publisher = {Association for Computing Machinery},
    address = {New York, NY, USA},
    booktitle = {The 41st International ACM SIGIR Conference on Research \& Development in Information Retrieval},
    pages = {365–374},
    numpages = {10},
    keywords = {e-commerce, revenue, search logs},
    location = {Ann Arbor, MI, USA},
    series = {SIGIR ’18}
}
